@book{Geometry_Cubic_Huybrechts,
	place={Cambridge},
	series={Cambridge Studies in Advanced Mathematics},
	title={The Geometry of Cubic Hypersurfaces},
	publisher={Cambridge University Press},
	author={Huybrechts, Daniel},
	year={2023}, collection={Cambridge Studies in Advanced Mathematics}
}
@article{Standard_Conj_Kleiman,
	series={Proceedings of Symposia in Pure Mathematics},
	title={The Standard Conjectures},
	author={Kleiman, Steven L.},
	year={1994},
	publisher={American Mathematical Society}
}

@book{Hodge_CAG_Voisin,
	place={Cambridge},
	series={Cambridge Studies in Advanced Mathematics},
	title={Hodge Theory and Complex Algebraic Geometry I},
	volume={76},
	DOI={CBO9780511615344},
	publisher={Cambridge University Press},
	author={Voisin, Claire},
	year={2002},
	collection={Cambridge Studies in Advanced Mathematics}
}

@book{3264_eisenbud_harris,
	place={Cambridge},
	title={3264 and All That: A Second Course in Algebraic Geometry},
	DOI={CBO9781139062046},
	publisher={Cambridge University Press},
	author={Eisenbud, David and Harris, Joe},
	year={2016}}

@book{complex_geometry_huybrechts,
	title={Complex Geometry},
	subtitle={An introduction},
	DOI={b137952},
	publisher={Springer Berlin, Heidelberg},
	author={Daniel Huybrechts},
	year={2004}}
@Inbook{intersection_theory_fulton,
author="Fulton, William",
title="Intersection Theory",
year="1998",
publisher="Springer New York",
address="New York, NY",
isbn="978-1-4612-1700-8",
}
@misc{rat_problem_galkin_shinder,
      title={The Fano variety of lines and rationality problem for a cubic hypersurface}, 
      author={Sergey Galkin and Evgeny Shinder},
      year={2014},
      eprint={1405.5154},
      archivePrefix={arXiv},
      primaryClass={math.AG}
}
@article{alg_cycles_Kleiman,
	title={Algebraic Cycles and the Weil Conjectures},
	series={Dix expos\'es sur la cohomologie des sch\'emas},
	author={Kleiman, Steven L.},
	year={1994}
}
@article{bittner2001universal,
      title="The universal Euler characteristic for varieties of characteristic zero", 
      author={Franziska Bittner},
      year={2001},
      eprint={math/0111062},
      archivePrefix={arXiv},
      primaryClass={math.AG}
}
@book{th_hodge_et_cag_voisin,
	series={Cours Sp\'ecialis\'es},
	title={Th\'eorie de Hodge et G\'eom\'etrie Alg\'ebrique Complexe},
	volume={10},
	publisher={Soci\'et\'e Math\'ematique de France},
	author={Voisin, Claire},
	year={2002},
}
@book{mixed_hs_peters_steenbrink,
	shorthand={Pet08},
	title={Mixed Hodge Structures},
	DOI={978-3-540-77017-6},
	publisher={Springer Berlin, Heidelberg},
	author="Chris A.M. Peters and Joseph H.M. Steenbrink ",
	year={2008}}
@misc{groth_stand_conj,
	shorthand={Gro14},
      title="Standard Conjectures on Algebraic Cycles", 
      author="Grothendieck, Alexander",
      publisher={Oxford University Press},
address="Internat. Colloq., Tata Inst. Fund. Res., Bombay",
      year={2014},
}
@misc{diaz2017standard,
      title={The standard conjectures for the variety of lines on a cubic hypersurface}, 
      author={Humberto A. Diaz},
      year={2017},
      eprint={1706.06683},
      archivePrefix={arXiv},
      primaryClass={math.AG}
}
@misc{stacks-project,
shorthand = {Stacks},
  author       = {The {Stacks project authors}},
  title        = {The Stacks project},
  howpublished = {\url{https://stacks.math.columbia.edu}},
  year         = {2023},
}
@book{mot_integration_loir,
	shorthand={Mot19},
	title={Motivic Integration},
	DOI={978-1-4939-7887-8},
	publisher={Birkhäuser New York, NY},
	author="Antoine Chambert-Loir and Johannes Nicaise and Julien Sebag",
	year={2019}}
@book{int_th_fulton,
	title={Intersection Theory},
	DOI={978-1-4612-1700-8},
	publisher={Springer New York, NY},
	author={William Fulton},
	year={1998}}
@misc{action_on_hom_putman,
	title={The action on homology of finite groups of
automorphisms of surfaces and graphs},
	author={Andrew Putman}
}
@article{tohoku,
	title={Sur quelques points d'algèbre homologique},
	author={Grothendieck, Alexander},
      journal={Tôhoku Mathematical Journal},
	year={1957}
}
@article{rat_zeta_dwork,
 URL = {http://www.jstor.org/stable/2372974},
 author = {Bernard Dwork},
 journal = {American Journal of Mathematics},
 publisher = {Johns Hopkins University Press},
 title = {On the Rationality of the Zeta Function of an Algebraic Variety},
 volume = {82},
 year = {1960}
}
@article{funct_eq_groth,
     author = {Grothendieck, Alexander},
     title = {Formule de {Lefschetz} et rationalit\'e des fonctions $L$},
     booktitle = {S\'eminaire Bourbaki : ann\'ees 1964/65 1965/66, expos\'es 277-312},
     series = {S\'eminaire Bourbaki},
     publisher = {Soci\'et\'e math\'ematique de France},
     year = {1966},
}

@article{weil_conj_deligne,
     author = {Deligne, Pierre},
     title = {La conjecture de {Weil} : {I}},
     journal = {Publications Math\'ematiques de l'IH\'ES},
     pages = {273--307},
     publisher = {Institut des Hautes \'Etudes Scientifiques},
     volume = {43},
     year = {1974},
     zbl = {0287.14001},
}
@article{arapura,
  
  
	year = 2019,
  
	publisher = {Mathematical Sciences Publishers},
  
	volume = {13},
  
	number = {1},
  
	pages = {211--225},
  
	author = {Donu Arapura},
  
	title = {Algebraic cycles on genus-2 modular fourfolds},
  
	journal = {Algebra {\&} Number Theory}
}	
@article{Charles_2013,
  
	year = 2013,
  
	publisher = {Wiley},
  
	volume = {149},
  
	number = {3},
  
	pages = {481--494},
  
	author = {Fran{\c{c}}ois Charles and Eyal Markman},
  
	title = {The standard conjectures for holomorphic symplectic varieties deformation equivalent to Hilbert schemes of $K3$ surfaces},
  
	journal = {Compositio Mathematica}
}
@article{liebermann,
 author = {David I. Lieberman},
 journal = {American Journal of Mathematics},
 number = {4},
 pages = {1165--1199},
 publisher = {Johns Hopkins University Press},
 title = {Higher Picard Varieties},
 volume = {90},
 year = {1968}
}
@article{cohomology_operations_Steenrod,
 author = "Steenrod, Norman Earl and Epstein, David Bernard Alper",
 title = {Cohomology Operations},
 journal = {Ann. of Math. Stud.},
 publisher = {Princeton University Press},
 year = {1962}
}
@article{steenrod_algebra_and_its_dual_milnor,
 author = "John Milnor",
 title = {The Steenrod Algebra and its Dual}, 
 journal = {Annals of Mathematics},
 year = {1958}
}
@article{struct_of_hopf_alg_milnor,
 author = "Milnor, John and Moore, John C.",
 title = {On the Structure of Hopf Algebras}, 
 journal = {Annals of Mathematics},
 year = {1965}
}
@book{coh_ops_and_applications_mosher,
  title={Cohomology Operations and Applications in Homotopy Theory},
  author=" Mosher, R.E., and Tangora, M.C., ",
  series={Dover Books on Mathematics Series},
  year={2008},
  publisher={Dover Publications}
}
