@article{random,
	author="someone",
	title="something"
}
