



@article{lang1976algebre,
  title={Alg{\`e}bre lin{\'e}aire},
  author={Lang, Serge},
  year={1976},
  publisher={InterEditions}
}